% This file was created with JabRef 2.10b2.
% Encoding: UTF-8


@Article{bonat2016a,
  Title                    = {Multivariate covariance generalized linear models},
  Author                   = {Bonat, Wagner Hugo and J{\o}rgensen, Ben},
  Journal                  = {Journal of the Royal Statistical Society: Series C (Applied Statistics)},
  Year                     = {2016},
  Number                   = {5},
  Pages                    = {649--675},
  Volume                   = {65},

  Owner                    = {eduardo},
  Timestamp                = {2016.11.09}
}

@Unpublished{bonat2016b,
  Title                    = {Extended Poisson-Tweedie: properties and regression models for count data},
  Author                   = {Bonat, Wagner Hugo and J{\o}rgensen, Bent and Kokonendji, C{\'e}lestin C and Hinde, John and Dem{\'e}trio, Clarice Gargia Borges},
  Year                     = {2016},

  Journal                  = {arXiv preprint arXiv:1608.06888},
  Owner                    = {eduardo},
  Timestamp                = {2016.11.09}
}

@Book{jorgensen1997,
  Title                    = {The Theory of Dispersion Models},
  Author                   = {J{\o}rgensen, Bent},
  Publisher                = {Chapman \& Hall, London},
  Year                     = {1997},

  Owner                    = {eduardo},
  Timestamp                = {2016.11.09}
}

@Article{jorgensen1987,
  Title                    = {Exponential dispersion models},
  Author                   = {J{\o}rgensen, Bent},
  Journal                  = {Journal of the Royal Statistical Society. Series B (Methodological)},
  Year                     = {1987},
  Number                   = {2},
  Pages                    = {127--162},
  Volume                   = {49},

  Owner                    = {eduardo},
  Timestamp                = {2016.11.09}
}

@Article{nelder1972,
  Title                    = {Generalized Linear Models},
  Author                   = {Nelder, John Ashworth and Wedderburn, Robert William Maclagan},
  Journal                  = {Journal of the Royal Statistical Society. Series A (General)},
  Year                     = {1972},
  Number                   = {3},
  Pages                    = {370--384},
  Volume                   = {135},

  Owner                    = {eduardo},
  Timestamp                = {2016.11.09}
}

@Manual{rcore2016,
  Title                    = {R: A Language and Environment for Statistical Computing},

  Address                  = {Vienna, Austria},
  Author                   = {{R Core Team}},
  Organization             = {R Foundation for Statistical Computing},
  Year                     = {2016},

  Owner                    = {eduardo},
  Timestamp                = {2016.11.09},
  Url                      = {https://www.R-project.org/}
}

@Article{walmes2014,
  Title                    = {The Gamma-count distribution in the analysis of experimental underdispersed data},
  Author                   = {Zeviani, Walmes Marques and {Ribeiro Jr}, Paulo Justiniano and Bonat, Wagner Hugo and Shimakura, Silvia Emiko and Muniz, Joel Augusto},
  Journal                  = {Journal of Applied Statistics},
  Year                     = {2014},
  Number                   = {12},
  Pages                    = {2616--2626},
  Volume                   = {41},

  Owner                    = {eduardo},
  Timestamp                = {2016.11.09}
}

