% This file was created with JabRef 2.10b2.
% Encoding: UTF-8

@Article{Zeviani2014,
  Title   = {The Gamma-count distribution in the analysis of experimental underdispersed data},
  Journal = {Journal of Applied Statistics},
  Author  = {Zeviani, W. M. and {Ribeiro Jr}, P. J. and Bonat, 
            W. H. and Shimakura, S. E. and Muniz, J. A.},
  Volume  = {41},
  Number  = {12},
  Pages   = {2616--2626},
  Year    = {2014},
}

@Article{Bonat2016b,
	Title   = {Extended Poisson-Tweedie: properties and regression model for count data},
	Journal = {Arxiv},
	Author  = {Bonat, W. H. and J{\o}rgensen, B. and Kokonendji, C. C. andHinde, J. and D{\'e}metrio, C. G. B. },
	Volume  = {},
	Number  = {},
	Pages   = {},
  Year    = {2016},
}

@Article{Sellers2010,
  Title   = {A flexible regression model for count data},
  Journal = {Ann. Appl. Stat.},
  Author  = {Sellers, K. F. and Shmueli, G.},
  Volume  = {4},
  Number  = {2},
  Pages   = {943--961},
  Year    = {2010},
}

@Book{Winkelmann2003, 
  Title   = {Econometric {A}nalysis of {C}ount {D}ata},
  Author  = {Winkelmann, R.},
  Publisher ={Springer},
  Year    = {2003},
}

@Manual{R2015,
    Title = {R: A Language and Environment for Statistical Computing},
    Author = {{R Core Team}},
    Organization = {R Foundation for Statistical Computing},
    Address = {Vienna, Austria},
    Year = {2015},
    Note = {{ISBN} 3-900051-07-0},
  }
  
@Article{Jorgensen2004,
	Title = {Parameter orthogonality and bias adjustment for estimating functions},
	Author = {{J{\o}rgensen}, B. and Knudsen, S. J.},
	Journal = {Scandinavian Journal of Statistics},
	Number = {1},
	Volume = {31},
	Pages = {93--114},
	Year = {2004},
}

@Article{Bonat2016a,
	Author = {Bonat, W. H. and J{\o}rgensen, B.},
	Title = {Multivariate covariance generalized linear models},
	Journal = {Journal of the Royal Statistical Society: Series C (Applied Statistics)},
	Pages = {649--675},
	Volume = {65},
	Year = {2016},
}

@Article{Wedderburn1974,
    Author = {Wedderburn, R. W. M.}, 
    Title = {Quasi-likelihood functions, generalized linear models, and the Gaussâ€”Newton method},
    Volume = {61}, 
    Number = {3}, 
    Pages = {439--447}, 
    Journal = {Biometrika},
    Year = {1974},
  }
  
@Misc{Bonat2016c,
	Title = {mcglm: Multivariate Covariance Generalized Linear Models},
	Author = {Bonat, W. H.},
	Year = {2016},
	Publisher = {GitLab},
	Journal = {Gitlab repository},
	Note = {{R} package version 0.3.0},
	Howpublished = {http://git.leg.ufpr.br/wbonat/mcglm},
}

@Article{Nelder1972,
    Title = {Generalized Linear Models},
    Author = {Nelder, J. A. and Wedderburn, R. W. M.},
    Journal = {Journal of the Royal Statistical Society. Series {A}},
    Volume = {135},
    Number = {3},
    Pages = {370--384},
    Year = {1972},
}
  
@Article{Jorgensen1987,
    Title = {Exponential dispersion models},
    Author = {J{\o}rgensen, Bent},
    Journal = {Journal of the Royal Statistical Society. Series B (Methodological)},
    Volume = {49},
    Number = {2},
    Pages = {127--162},
    Year = {1987},
}
  
@Book{Jorgensen1997,
    Title = {The {T}heory of {D}ispersion {M}odels},
    Author= {J{\o}rgensen, Bent },
    Publisher = {Chapman \& Hall, London},
    Year = {1997},
}

@Article{Jorgensen2014,
  Author={J{\o}rgensen, B. and Kokonendji, C.},
  Title={Discrete dispersion models and their {T}weedie asymptotics},
  Journal={AStA Advances in Statistical Analysis},
  Volume = {},
  Number = {},
  Pages={},
  Note = {in press},
  Year={2015},
}

@Article{DelCastillo1998,
  Author= {Del Castillo, Joan and P{\'e}rez-Casany, Marta},
  Title = {Weighted Poisson Distributions for Overdispersion and Underdispersion Situations},
  Journal = {Annals of the Institute of Statistical Mathematics},
  Volume = {50},
  Number = {3},
  Pages = {567--585},
  Year = {1998},
}

@Article{Winkelman1995,
  Author = {Winkelmann, R.},
  Title = {Duration Dependence and Dispersion in Count-Data Models},
  Journal = {Journal of Business \& Economic Statistics},
  Volume = {13},
  Number = {4},
  Pages = {467--474},
  Year = {1995},
}
